@book {MR770932,
    AUTHOR = {Arbarello, E. and Cornalba, M. and Griffiths, P. A. and
              Harris, J.},
     TITLE = {Geometry of algebraic curves. {V}ol. {I}},
    SERIES = {Grundlehren der Mathematischen Wissenschaften [Fundamental
              Principles of Mathematical Sciences]},
    VOLUME = {267},
 PUBLISHER = {Springer-Verlag},
   ADDRESS = {New York},
      YEAR = {1985},
     PAGES = {xvi+386},
      ISBN = {0-387-90997-4},
   MRCLASS = {14Hxx (14-02)},
  MRNUMBER = {770932 (86h:14019)},
MRREVIEWER = {Werner Kleinert},
}